@article{LiRus2006,
 author = {Li, Qun and Rus, Daniela},
 title = {Global Clock Synchronization in Sensor Networks},
 journal = {IEEE Trans. Comput.},
 issue_date = {February 2006},
 volume = {55},
 number = {2},
 month = feb,
 year = {2006},
 issn = {0018-9340},
 pages = {214--226},
 numpages = {13},
 url = {http://dx.doi.org/10.1109/TC.2006.25},
 doi = {10.1109/TC.2006.25},
 acmid = {1108306},
 publisher = {IEEE Computer Society},
 address = {Washington, DC, USA},
 keywords = {Index Terms- Sensor networks, Index Terms- Sensor networks, fault tolerance., fault tolerance.},
} 